@article{zhou2016terrain,
  title={Terrain aided navigation for autonomous underwater vehicles with coarse maps},
  author={Zhou, Ling and Cheng, Xianghong and Zhu, Yixian},
  journal={Measurement Science and Technology},
  volume={27},
  number={9},
  pages={095002},
  year={2016},
  publisher={IOP Publishing}
}


@misc{ceres-solver,
  author = "Sameer Agarwal and Keir Mierle and Others",
  title = "Ceres Solver",
  howpublished = "\url{http://ceres-solver.org}",
}

@inproceedings{Quigley09,
	author="Morgan Quigley and Brian Gerkey and Ken Conley and Josh Faust and
	Tully Foote and Jeremy Leibs and Eric Berger and Rob Wheeler and Andrew Ng",
	title="ROS: an open-source Robot Operating System",
	booktitle="Proc. of the IEEE Intl. Conf. on Robotics and Automation (ICRA)
	Workshop on Open Source Robotics",
	month = may,
	year=2009,
	address="Kobe, Japan"
}

@inproceedings{koenig2004design,
  title={Design and use paradigms for Gazebo, an open-source multi-robot simulator.},
  author={Koenig, Nathan P and Howard, Andrew},
  booktitle={IROS},
  volume={4},
  pages={2149--2154},
  year={2004},
  organization={Citeseer}
}

@inproceedings{Manhaes_2016,
  doi = {10.1109/oceans.2016.7761080},
  url = {https://doi.org/10.1109%2Foceans.2016.7761080},
  year = 2016,
  month = {sep},
  publisher = {{IEEE}},
  author = {Musa Morena Marcusso Manh{\~{a}}es and Sebastian A. Scherer and Martin Voss and Luiz Ricardo Douat and Thomas Rauschenbach},
  title = {{UUV} Simulator: A Gazebo-based package for underwater intervention and multi-robot simulation},
  booktitle = {{OCEANS} 2016 {MTS}/{IEEE} Monterey}
}